@article{SAMK2012,
author = {Abu Samk, Khaled and Skocic, Milan and Zurob, Hatem and Embury, D. and Bouaziz, O. and Hibbard, Glenn},
year = {2012},
month = {05},
pages = {337-344},
title = {Microtruss Cellular Nanocomposites},
volume = {1},
isbn = {9781118296073},
journal = {TMS Annual Meeting},
doi = {10.1002/9781118356074.ch44}
}

@article{EUCH2019509,
title = {Temperature dependence of the electrochemical behavior of the 690 Ni-base alloy between 25 and 325\textdegree C},
journal = {Electrochimica Acta},
volume = {317},
pages = {509-520},
year = {2019},
issn = {0013-4686},
doi = {https://doi.org/10.1016/j.electacta.2019.05.131},
url = {https://www.sciencedirect.com/science/article/pii/S0013468619310643},
author = {Salma EL. Euch and Damien Bricault and Hubert Cachet and Eliane M.M. Sutter and Mai T.T. Tran and Vincent Vivier and Nathalie Engler and Antoine Marion and Milan Skocic and Benjamin Huerta-Ortega},
keywords = {Ni-base alloys, Oxide film, Electrochemical impedance spectroscopy, Photoelectrochemistry, XPS},
}

@article{barberis2019310,
title = {Shadow corrosion: Experiments and modeling},
journal = {Journal of Nuclear Materials},
volume = {523},
pages = {310-319},
year = {2019},
issn = {0022-3115},
doi = {https://doi.org/10.1016/j.jnucmat.2019.06.001},
url = {https://www.sciencedirect.com/science/article/pii/S0022311519302715},
author = {P. Barberis and M. Skocic and D. Kaczorowski and D. Perche and Y. Wouters and K. Nowotka},
keywords = {Zirconium, Corrosion, Shadow corrosion, Irradiation, Galvanic coupling, Modeling},
}
