@book{bard2002-1,
  title = {Fundamentals of {{Semiconductors Electrochemistry}} and {{Photoelectrochemistry}}},
  author = {Bard, Allen J. and Stratmann, M.},
  date = {2002},
  publisher = {Wiley-VCH},
  file = {C:\Users\mskocic\Documents\05-Library\03-Books\Bard and Stratmann - 2002 - Fundamentals of Semiconductors Electrochemistry an.pdf}
}

@article{becquerel1839-1,
  title = {M\'emoire Sur Les Effets \'Electriques Produits Sous l'influence Des Rayons Solaires},
  author = {Becquerel, E.},

  date = {1839},
  journaltitle = {Comptes Rendus des S\'eances Hebdomadaires},
  volume = {9},
  pages = {561--567},
  keywords = {PEC}
}

@article{copeland1942-1,
  title = {The {{Photovoltaic Effect}}},
  author = {Copeland, A. Wallace. and Black, Otis D. and Garrett, A. B.},
  date = {1942},
  journaltitle = {Chemical Reviews},
  volume = {31},
  number = {1},
  pages = {177--226},
  issn = {0009-2665},
  doi = {10.1021/cr60098a004},
  url = {http://pubs.acs.org/doi/abs/10.1021/cr60098a004},
  keywords = {PEC},
  file = {C:\Users\mskocic\Documents\05-Library\01-Papers\Copeland et al. - 1942 - The Photovoltaic Effect.pdf}
}

@article{finklea1983-1,
  title = {Photoelectrochemistry: {{Introductory}} Concepts},
  author = {Finklea, H.O.},
  date = {1983},
  journaltitle = {Journal of Chemical Education},
  volume = {60},
  number = {4},
  pages = {325},
  issn = {0021-9584},
  doi = {10.1021/ed060p325},
  url = {http://dx.doi.org/10.1021/ed060p325 http://pubs.acs.org/doi/abs/10.1021/ed060p325},
  keywords = {PEC}
}

@article{gerischer1966-1,
  title = {Electrochemical {{Behavior}} of {{Semiconductors}} under {{Illumination}}},
  author = {Gerischer, H},
  date = {1966},
  journaltitle = {Journal of The Electrochemical Society},
  volume = {113},
  number = {11},
  pages = {1174--1182},
  url = {http://jes.ecsdl.org/content/113/11/1174.abstract C:$\backslash$Users$\backslash$Milan Skocic$\backslash$Documents$\backslash$Areva_thesis$\backslash$1-Bibliography$\backslash$1-Classified$\backslash$Gerisher_1966_Electrochemical Behavior of Semiconductors under Illumination.pdf},
  keywords = {Electrochemistry,PEC,Semiconductors},
  file = {C:\Users\mskocic\Documents\05-Library\01-Papers\Gerischer - 1966 - Electrochemical Behavior of Semiconductors under Illumination.pdf}
}

@incollection{gerischer1985-1,
  title = {Semiconductor Electrodes and Their Interaction with Light},
  booktitle = {Photoelectrochemistry, {{Photocatalysis}} and {{Photoreactor}}},
  author = {Gerischer, H},
  editor = {Schiavello, Mario},
  date = {1985},
  pages = {39--106},
  publisher = {D. Reidel Publishing Company},
  location = {Dordrecht}
}

@book{marcus2006-1,
  title = {Analytical {{Methods}} in {{Corrosion Science}} and {{Engineering}}},
  author = {Marcus, P. and Mansfield, F},
  date = {2006},
  publisher = {CRC Press},
  location = {Boca Raton, FL},
  url = {http://www.nace.org/cstm/Store/Product.aspx?id=f8e9b807-c656-42ce-83c3-e34c5a3d8a54}
}

@book{marucco2006-1,
  title = {Chimie Des Solides},
  author = {Marucco, Jean-Francis},
  date = {2006},
  publisher = {EDP Sciences},
  location = {Paris},
  isbn = {978-2-86883-673-1},
  keywords = {Solid state},
  file = {C:\Users\mskocic\Documents\05-Library\03-Books\Marucco - 2006 - Chimie des solides.pdf}
}

@book{memming2008-1,
  title = {Semiconductor {{Electrochemistry}}},
  author = {Memming, R},
  date = {2008},
  publisher = {WILEY-VCH Verlag GmbH},
  location = {Weinheim},
  url = {http://www.aqr.ee/Memming/01_SCE.pdf C:$\backslash$Users$\backslash$Milan Skocic$\backslash$Documents$\backslash$Areva_thesis$\backslash$1-Bibliography$\backslash$1-Classified$\backslash$Memming_2008-Semiconductor_Electrochemistry.pdf},
  file = {C:\Users\mskocic\Documents\05-Library\03-Books\Memming - 2008 - Semiconductor Electrochemistry.pdf}
}

@book{morrison1980-1,
  title = {Electrochemistry at {{Semiconductor}} and {{Oxidized Metal Electrodes}}},
  author = {Morrison, S R},
  date = {1980},
  publisher = {Plenum Press},
  location = {New York},
  keywords = {Solid state}
}

@book{sato1998-1,
  title = {Electrochemistry at {{Metal}} and {{Semiconductors Electrodes}}},
  author = {Sato, Norio},
  date = {1998},
  publisher = {Elsevier Science},
  location = {Amsterdam},
  keywords = {PEC}
}

@article{stimming1986-1,
  title = {Photoelectrochemical Studies of Passive Films},
  author = {Stimming, Ulrich},
  date = {1986},
  journaltitle = {Electrochimica Acta},
  volume = {31},
  number = {4},
  pages = {415--429},
  url = {http://www.sciencedirect.com/science/article/pii/0013468686801049 C:$\backslash$Users$\backslash$Milan Skocic$\backslash$Documents$\backslash$Areva_thesis$\backslash$1-Bibliography$\backslash$1-Classified$\backslash$Stimming_1986_Photoelectrochemical studies of passive films.pdf},
  keywords = {Passive films,PEC},
  file = {C:\Users\mskocic\Documents\05-Library\01-Papers\Stimming - 1986 - Photoelectrochemical studies of passive films.pdf}
}

@book{plieth2008-1,
  title = {Electrochemistry for {{Materials Science}}},
  author = {Plieth, W.},
  date = {2008},
  publisher = {Elsevier},
  location = {Amsterdam},
  file = {D:\05-DTI\Documents\05-Library\03-Books\Plieth - 2008 - Electrochemistry for Materials Science.pdf}
}

@article{gartner1959-1,
  title = {Depletion-{{Layer Photoeffects}} in {{Semiconductors}}},
  author = {Gärtner, Wolfgang W},
  date = {1959},
  journaltitle = {Physical Review},
  volume = {116},
  number = {1},
  pages = {84--87},
  url = {http://link.aps.org/doi/10.1103/PhysRev.116.84 C:$\backslash$Users$\backslash$Milan Skocic$\backslash$Documents$\backslash$Areva_thesis$\backslash$1-Bibliography$\backslash$1-Classified$\backslash$Gartner_1959_Depletion Layer photoeffects in semiconductors.pdf},
  keywords = {PEC},
  file = {D:\05-DTI\Documents\05-Library\01-Papers\Gärtner - 1959 - Depletion-Layer Photoeffects in Semiconductors.pdf}
}

@article{butler1977-1,
  title = {Photoelectrolysis and Physical Properties of the Semiconducting Electrode {{WO}}{\textsubscript{3}}},
  author = {Butler, M.},
  date = {1977},
  journaltitle = {Journal of Applied Physics},
  volume = {48},
  number = {5},
  pages = {1914},
  issn = {00218979},
  doi = {10.1063/1.323948},
  url = {http://scitation.aip.org/content/aip/journal/jap/48/5/10.1063/1.323948},
  keywords = {PEC},
  file = {D:\05-DTI\Documents\05-Library\01-Papers\Butler - 1977 - Photoelectrolysis and physical properties of the s.pdf}
}

