@Book{bard2002,
  author    = {Bard, Allen J. and Stratmann, M.},
  date      = {2002},
  title     = {Fundamentals of {{Semiconductors Electrochemistry}} and {{Photoelectrochemistry}}},
  publisher = {Wiley-VCH},
}

@Book{barsoukov2005,
  author    = {Barsoukov, Evgenij and Macdonald, J.R.},
  date      = {2005},
  title     = {Impedance {{Spectroscopy}}: {{Theory}}, {{Experiment}}, and {{Applications}}},
  edition   = {2},
  location  = {Hoboken, NJ, USA},
  publisher = {John Wiley \& Sons, Inc.},
  keywords  = {EIS,Geometrical Capacitance,Impedance spectroscopy},
}

@Article{becquerel1839,
  author       = {Becquerel, E.},
  date         = {1839},
  journaltitle = {Comptes Rendus des S\'eances Hebdomadaires},
  title        = {M\'emoire Sur Les Effets \'Electriques Produits Sous l'influence Des Rayons Solaires},
  pages        = {561--567},
  volume       = {9},
  keywords     = {PEC},
}

@Article{benaboud2007,
  author       = {Benaboud, R and Bouvier, P and Petit, J.-P. and Wouters, Y and Galerie, A},
  date         = {2007},
  journaltitle = {Journal of Nuclear Materials},
  title        = {Comparative Study and Imaging by {{PhotoElectroChemical}} Techniques of Oxide Films Thermally Grown on Zirconium and {{Zircaloy-4}}},
  number       = {2},
  pages        = {151--158},
  url          = {http://dx.doi.org/10.1016/j.jnucmat.2006.10.001 C:$\backslash$Users$\backslash$Milan Skocic$\backslash$Documents$\backslash$Areva_thesis$\backslash$1-Bibliography$\backslash$1-Classified$\backslash$Benaboud_2007-Comparative study and imaging by PhotoElectroChemical techniques of oxide films thermally grown on zirconium and Zircaloy-4.pdf},
  volume       = {360},
  keywords     = {PEC,Zircaloy-4},
}

@Book{bevington2003,
  author    = {Bevington, Philip R. and Robinson, D. Keith},
  date      = {2003},
  title     = {Data {{Reduction}} and {{Error Analysis}} for {{Physical Sciences}}},
  edition   = {3},
  isbn      = {0-07-247227-8},
  location  = {New York},
  publisher = {McGraw Hill},
  abstract  = {Data Reduction and error Analysis},
  keywords  = {Data Analysis,Statistics},
}

@Article{bojinov2002,
  author       = {Bojinov, M and Kinnunen, P and Laitinen, T and M\"akel\"a, K and Saario, T and Sirki\"a, P},
  date         = {2002},
  journaltitle = {Electrochemistry Communications},
  title        = {Photocurrent Response of the Passive Film on Iron in a High-Temperature Aqueous Electrolyte},
  pages        = {222--226},
  url          = {http://www.sciencedirect.com/science/article/pii/S1388248102002576 C:$\backslash$Users$\backslash$Milan Skocic$\backslash$Documents$\backslash$Areva_thesis$\backslash$1-Bibliography$\backslash$1-Classified$\backslash$Bojinov_2002_photocurrent_response_of_passive_film_on_iron_in_aqueous_electrolyte.pdf},
  volume       = {4},
  keywords     = {Electrochemistry,High temperature,PEC},
}

@Article{boukamp1986,
  author       = {Boukamp, B.A.},
  date         = {1986},
  journaltitle = {Solid State Ionics},
  title        = {A {{Nonlinear Least Squares Fit Procedure}} for {{Analysis}} of {{Immittance Data}} of {{Electrochemical Systems}}},
  pages        = {31--44},
  keywords     = {EIS,Least Squares,Numerical computations},
  langid       = {english},
}

@Article{butler1977,
  author       = {Butler, M.},
  date         = {1977},
  journaltitle = {Journal of Applied Physics},
  title        = {Photoelectrolysis and Physical Properties of the Semiconducting Electrode {{WO}}{\textsubscript{3}}},
  doi          = {10.1063/1.323948},
  issn         = {00218979},
  number       = {5},
  pages        = {1914},
  url          = {http://scitation.aip.org/content/aip/journal/jap/48/5/10.1063/1.323948},
  volume       = {48},
  keywords     = {PEC},
}

@Article{copeland1942,
  author       = {Copeland, A. Wallace. and Black, Otis D. and Garrett, A. B.},
  date         = {1942},
  journaltitle = {Chemical Reviews},
  title        = {The {{Photovoltaic Effect}}},
  doi          = {10.1021/cr60098a004},
  issn         = {0009-2665},
  number       = {1},
  pages        = {177--226},
  url          = {http://pubs.acs.org/doi/abs/10.1021/cr60098a004},
  volume       = {31},
  keywords     = {PEC},
}

@Article{diquarto1997,
  author       = {Di Quarto, F. and Sunseri, C. and Piazza, S. and Sunseri, C.},
  date         = {1997},
  journaltitle = {Journal of Physical Chemistry},
  title        = {Semiempirical {{Correlation}} between {{Optical Band Gap Values}} of {{Oxides}} and the {{Difference}} of {{Electronegativity}} of the {{Elements}}. {{Its Importance}} for a {{Quantitative Use}} of {{Photocurrent Spectroscopy}} in {{Corrosion Studies}}},
  pages        = {2519--2525},
  url          = {http://www.springerlink.com/index/10.1007/BF02757695 http://link.springer.com/10.1007/BF02757695},
  volume       = {101},
  keywords     = {Band gap,PEC},
}

@Article{diquarto2000,
  author       = {Di Quarto, F. and Romano, M. C. and Santamaria, M. and Piazza, S. and Sunseri, C.},
  date         = {2000},
  journaltitle = {Russian Journal of Electrochemistry},
  title        = {A {{Semiempirical Correlation}} between the {{Optical Band Gap}} of {{Hydroxides}} and the {{Electronegativity}} of Their {{Constituents}}},
  number       = {11},
  pages        = {1203--1208},
  volume       = {36},
  keywords     = {Band Gap,Hydroxides,PEC},
}

@Thesis{eleuch2019,
  author      = {El Euch, S.},
  date        = {2019},
  institution = {Universit\'e Sorbonne},
  title       = {Recherche d'une Corr\'elation Entre Caract\'eristiques \'Electrochimiques et Rel\^achement En Nickel de l'alliage 690 En Milieu Primaire d'un R\'eacteur \`a Eau Pressuris\'ee},
  location    = {Paris},
  url         = {https://tel.archives-ouvertes.fr/tel-02304680/},
  keywords    = {EIS,Electrochemistry,Ni Alloys,Ni Release,PEC,R\&D},
}

@Article{finklea1983,
  author       = {Finklea, H.O.},
  date         = {1983},
  journaltitle = {Journal of Chemical Education},
  title        = {Photoelectrochemistry: {{Introductory}} Concepts},
  doi          = {10.1021/ed060p325},
  issn         = {0021-9584},
  number       = {4},
  pages        = {325},
  url          = {http://dx.doi.org/10.1021/ed060p325 http://pubs.acs.org/doi/abs/10.1021/ed060p325},
  volume       = {60},
  keywords     = {PEC},
}

@Article{gaertner1959,
  author       = {G\"artner, Wolfgang W},
  date         = {1959},
  journaltitle = {Physical Review},
  title        = {Depletion-{{Layer Photoeffects}} in {{Semiconductors}}},
  number       = {1},
  pages        = {84--87},
  url          = {http://link.aps.org/doi/10.1103/PhysRev.116.84 C:$\backslash$Users$\backslash$Milan Skocic$\backslash$Documents$\backslash$Areva_thesis$\backslash$1-Bibliography$\backslash$1-Classified$\backslash$Gartner_1959_Depletion Layer photoeffects in semiconductors.pdf},
  volume       = {116},
  keywords     = {PEC},
}

@Article{gerischer1966,
  author       = {Gerischer, H},
  date         = {1966},
  journaltitle = {Journal of The Electrochemical Society},
  title        = {Electrochemical {{Behavior}} of {{Semiconductors}} under {{Illumination}}},
  number       = {11},
  pages        = {1174--1182},
  url          = {http://jes.ecsdl.org/content/113/11/1174.abstract C:$\backslash$Users$\backslash$Milan Skocic$\backslash$Documents$\backslash$Areva_thesis$\backslash$1-Bibliography$\backslash$1-Classified$\backslash$Gerisher_1966_Electrochemical Behavior of Semiconductors under Illumination.pdf},
  volume       = {113},
  keywords     = {Electrochemistry,PEC,Semiconductors},
}

@InCollection{gerischer1985,
  author    = {Gerischer, H},
  booktitle = {Photoelectrochemistry, {{Photocatalysis}} and {{Photoreactor}}},
  date      = {1985},
  title     = {Semiconductor Electrodes and Their Interaction with Light},
  editor    = {Schiavello, Mario},
  location  = {Dordrecht},
  pages     = {39--106},
  publisher = {D. Reidel Publishing Company},
}

@Book{marcus2006,
  author    = {Marcus, P. and Mansfield, F},
  date      = {2006},
  title     = {Analytical {{Methods}} in {{Corrosion Science}} and {{Engineering}}},
  location  = {Boca Raton, FL},
  publisher = {CRC Press},
  url       = {http://www.nace.org/cstm/Store/Product.aspx?id=f8e9b807-c656-42ce-83c3-e34c5a3d8a54},
}

@Book{marucco2006,
  author    = {Marucco, Jean-Francis},
  date      = {2006},
  title     = {Chimie Des Solides},
  isbn      = {978-2-86883-673-1},
  location  = {Paris},
  publisher = {EDP Sciences},
  keywords  = {Solid state},
}

@Book{memming2008,
  author    = {Memming, R},
  date      = {2008},
  title     = {Semiconductor {{Electrochemistry}}},
  location  = {Weinheim},
  publisher = {WILEY-VCH Verlag GmbH},
  url       = {http://www.aqr.ee/Memming/01_SCE.pdf C:$\backslash$Users$\backslash$Milan Skocic$\backslash$Documents$\backslash$Areva_thesis$\backslash$1-Bibliography$\backslash$1-Classified$\backslash$Memming_2008-Semiconductor_Electrochemistry.pdf},
}

@Book{morrison1980,
  author    = {Morrison, S R},
  date      = {1980},
  title     = {Electrochemistry at {{Semiconductor}} and {{Oxidized Metal Electrodes}}},
  location  = {New York},
  publisher = {Plenum Press},
  keywords  = {Solid state},
}

@Book{nocedal2006,
  author    = {Nocedal, Jorge and Wright, Stephen J.},
  date      = {2006},
  title     = {Numerical {{Optimization}}},
  edition   = {2},
  location  = {New York},
  publisher = {Springer},
  keywords  = {Data Analysis,Numerical computations,Statistics},
}

@Article{petit2013,
  author       = {Petit, J.-P. and Boichot, R and Loucif, A and Srisrual, A and Wouters, Y},
  date         = {2013},
  journaltitle = {Oxidation of Metals},
  title        = {Photoelectrochemistry of {{Oxidation Layers}}: A {{Novel Approach}} to {{Analyze Photocurrent Energy Spectra}}},
  pages        = {1--11},
  url          = {http://dx.doi.org/10.1007/s11085-012-9352-0 C:$\backslash$Users$\backslash$Milan Skocic$\backslash$Documents$\backslash$Areva_thesis$\backslash$1-Bibliography$\backslash$1-Classified$\backslash$Petit_2013_Photoelectrochemistry of oxidation layers a novel approach to analyze photocurrent energy spectra.PDF},
  volume       = {1},
  keywords     = {PEC},
}

@Book{plieth2008,
  author    = {Plieth, W.},
  date      = {2008},
  title     = {Electrochemistry for {{Materials Science}}},
  location  = {Amsterdam},
  publisher = {Elsevier},
}

@Book{press2007,
  author    = {Press, William H. and Teukolsky, Saul A. and Vetterling, William T. and Flannery, Brian P.},
  date      = {2007},
  title     = {Numerical {{Recipes}}: {{The Art}} of {{Scientific Computing}}},
  edition   = {3},
  location  = {Cambridge},
  publisher = {Cambridge University Press},
  keywords  = {Data Analysis,Numerical computations,Statistics},
}

@Book{sato1998,
  author    = {Sato, Norio},
  date      = {1998},
  title     = {Electrochemistry at {{Metal}} and {{Semiconductors Electrodes}}},
  location  = {Amsterdam},
  publisher = {Elsevier Science},
  keywords  = {PEC},
}

@Thesis{skocic2016,
  author      = {Skocic, M.},
  date        = {2016-05-27},
  institution = {Universit\'e de Grenoble Alpes},
  title       = {Etude (photo)-\'electrochimique en r\'eacteur simul\'e du ph\'enom\`ene de shadow corrosion des alliages de zirconium},
  location    = {Grenoble},
  url         = {https://www.theses.fr/2016GREAI015},
  keywords    = {BWR,Galvanic corrosion,In-situ,Ni Alloys,PEC,Shadow corrosion,Simulated BWR,Zircaloy},
  langid      = {french},
}

@Article{srisrual2011,
  author       = {Srisrual, A and Petit, J.-P. and Wouters, Y and Pascal, C and Galerie, A},
  date         = {2011},
  journaltitle = {Materials at High Temperatures},
  title        = {Photoelectrochemical Investigations on Individual Ferritic and Austenitic Grains of a Duplex Stainless Steel Oxidized in Water Vapour.},
  number       = {4},
  pages        = {349--354},
  url          = {http://hal.archives-ouvertes.fr/hal-00664735 C:$\backslash$Users$\backslash$Milan Skocic$\backslash$Documents$\backslash$Areva_thesis$\backslash$1-Bibliography$\backslash$1-Classified$\backslash$Srisrual_2011_PEC investigations on individual ferritic and austenitic .pdf},
  volume       = {28},
  keywords     = {PEC,Stainless steel},
}

@Article{stimming1986,
  author       = {Stimming, Ulrich},
  date         = {1986},
  journaltitle = {Electrochimica Acta},
  title        = {Photoelectrochemical Studies of Passive Films},
  number       = {4},
  pages        = {415--429},
  url          = {http://www.sciencedirect.com/science/article/pii/0013468686801049 C:$\backslash$Users$\backslash$Milan Skocic$\backslash$Documents$\backslash$Areva_thesis$\backslash$1-Bibliography$\backslash$1-Classified$\backslash$Stimming_1986_Photoelectrochemical studies of passive films.pdf},
  volume       = {31},
  keywords     = {Passive films,PEC},
}

@Article{vijh1969,
  author       = {Vijh, Ashok K.},
  date         = {1969},
  journaltitle = {Journal of Physics and Chemistry of Solids},
  title        = {Correlation between Bond Energies and Forbidden Gaps of Inorganic Binary Compounds},
  pages        = {1999--2005},
  volume       = {30},
  keywords     = {PEC},
}

@Comment{jabref-meta: databaseType:biblatex;}
