@Book{bard2002,
  author    = {Bard, Allen J. and Stratmann, M.},
  publisher = {Wiley-VCH},
  title     = {Fundamentals of {{Semiconductors Electrochemistry}} and {{Photoelectrochemistry}}},
  date      = {2002},
}

@Article{becquerel1839,
  author       = {Becquerel, E.},
  title        = {M\'emoire Sur Les Effets \'Electriques Produits Sous l'influence Des Rayons Solaires},
  pages        = {561--567},
  volume       = {9},
  date         = {1839},
  journaltitle = {Comptes Rendus des S\'eances Hebdomadaires},
  keywords     = {PEC},
}

@Article{copeland1942,
  author       = {Copeland, A. Wallace. and Black, Otis D. and Garrett, A. B.},
  title        = {The {{Photovoltaic Effect}}},
  issn         = {0009-2665},
  number       = {1},
  pages        = {177--226},
  volume       = {31},
  date         = {1942},
  doi          = {10.1021/cr60098a004},
  journaltitle = {Chemical Reviews},
  keywords     = {PEC},
  url          = {http://pubs.acs.org/doi/abs/10.1021/cr60098a004},
}

@Article{finklea1983,
  author       = {Finklea, H.O.},
  title        = {Photoelectrochemistry: {{Introductory}} Concepts},
  issn         = {0021-9584},
  number       = {4},
  pages        = {325},
  volume       = {60},
  date         = {1983},
  doi          = {10.1021/ed060p325},
  journaltitle = {Journal of Chemical Education},
  keywords     = {PEC},
  url          = {http://dx.doi.org/10.1021/ed060p325 http://pubs.acs.org/doi/abs/10.1021/ed060p325},
}

@Article{gerischer1966,
  author       = {Gerischer, H},
  title        = {Electrochemical {{Behavior}} of {{Semiconductors}} under {{Illumination}}},
  number       = {11},
  pages        = {1174--1182},
  volume       = {113},
  date         = {1966},
  journaltitle = {Journal of The Electrochemical Society},
  keywords     = {Electrochemistry,PEC,Semiconductors},
  url          = {http://jes.ecsdl.org/content/113/11/1174.abstract C:$\backslash$Users$\backslash$Milan Skocic$\backslash$Documents$\backslash$Areva_thesis$\backslash$1-Bibliography$\backslash$1-Classified$\backslash$Gerisher_1966_Electrochemical Behavior of Semiconductors under Illumination.pdf},
}

@InCollection{gerischer1985,
  author    = {Gerischer, H},
  booktitle = {Photoelectrochemistry, {{Photocatalysis}} and {{Photoreactor}}},
  publisher = {D. Reidel Publishing Company},
  title     = {Semiconductor Electrodes and Their Interaction with Light},
  editor    = {Schiavello, Mario},
  pages     = {39--106},
  date      = {1985},
  location  = {Dordrecht},
}

@Book{marcus2006,
  author    = {Marcus, P. and Mansfield, F},
  publisher = {CRC Press},
  title     = {Analytical {{Methods}} in {{Corrosion Science}} and {{Engineering}}},
  date      = {2006},
  location  = {Boca Raton, FL},
  url       = {http://www.nace.org/cstm/Store/Product.aspx?id=f8e9b807-c656-42ce-83c3-e34c5a3d8a54},
}

@Book{marucco2006,
  author    = {Marucco, Jean-Francis},
  publisher = {EDP Sciences},
  title     = {Chimie Des Solides},
  isbn      = {978-2-86883-673-1},
  date      = {2006},
  keywords  = {Solid state},
  location  = {Paris},
}

@Book{memming2008,
  author    = {Memming, R},
  publisher = {WILEY-VCH Verlag GmbH},
  title     = {Semiconductor {{Electrochemistry}}},
  date      = {2008},
  location  = {Weinheim},
  url       = {http://www.aqr.ee/Memming/01_SCE.pdf C:$\backslash$Users$\backslash$Milan Skocic$\backslash$Documents$\backslash$Areva_thesis$\backslash$1-Bibliography$\backslash$1-Classified$\backslash$Memming_2008-Semiconductor_Electrochemistry.pdf},
}

@Book{sato1998,
  author    = {Sato, Norio},
  publisher = {Elsevier Science},
  title     = {Electrochemistry at {{Metal}} and {{Semiconductors Electrodes}}},
  date      = {1998},
  keywords  = {PEC},
  location  = {Amsterdam},
}

@Article{stimming1986,
  author       = {Stimming, Ulrich},
  title        = {Photoelectrochemical Studies of Passive Films},
  number       = {4},
  pages        = {415--429},
  volume       = {31},
  date         = {1986},
  journaltitle = {Electrochimica Acta},
  keywords     = {Passive films,PEC},
  url          = {http://www.sciencedirect.com/science/article/pii/0013468686801049 C:$\backslash$Users$\backslash$Milan Skocic$\backslash$Documents$\backslash$Areva_thesis$\backslash$1-Bibliography$\backslash$1-Classified$\backslash$Stimming_1986_Photoelectrochemical studies of passive films.pdf},
}

@Book{plieth2008,
  author    = {Plieth, W.},
  publisher = {Elsevier},
  title     = {Electrochemistry for {{Materials Science}}},
  date      = {2008},
  location  = {Amsterdam},
}

@Article{gaertner1959,
  author       = {GÃ¤rtner, Wolfgang W},
  title        = {Depletion-{{Layer Photoeffects}} in {{Semiconductors}}},
  number       = {1},
  pages        = {84--87},
  volume       = {116},
  date         = {1959},
  journaltitle = {Physical Review},
  keywords     = {PEC},
  url          = {http://link.aps.org/doi/10.1103/PhysRev.116.84 C:$\backslash$Users$\backslash$Milan Skocic$\backslash$Documents$\backslash$Areva_thesis$\backslash$1-Bibliography$\backslash$1-Classified$\backslash$Gartner_1959_Depletion Layer photoeffects in semiconductors.pdf},
}

@book{bevington2003,
  title = {Data {{Reduction}} and {{Error Analysis}} for {{Physical Sciences}}},
  author = {Bevington, Philip R. and Robinson, D. Keith},
  year = {2003},
  edition = {Third},
  publisher = {{McGraw Hill}},
  address = {{New York}},
  abstract = {Data Reduction and error Analysis},
  isbn = {0-07-247227-8},
  keywords = {Data Analysis,Statistics},
}

@article{hunter2007,
  title = {Matplotlib: {{A 2D}} Graphics Environment},
  author = {Hunter, J D},
  year = {2007},
  journal = {Computing In Science and Engineering},
  volume = {9},
  number = {3},
  pages = {90--95},
  keywords = {Python},
}

@misc{jones2020,
  title = {{{SciPy}}: {{Open}} Source Scientific Tools for {{Python}}},
  author = {Jones, Eric and Oliphant, Travis and Peterson, Pearu and {Others}},
  year = {2020},
  journal = {SciPy},
  howpublished = {http://www.scipy.org/},
  keywords = {Python}
}

@book{kiusalaas2010,
  title = {Numerical {{Methods}} in {{Engineering}} with {{Python}}},
  author = {Kiusalaas, Jaan},
  year = {2010},
  edition = {Second},
  publisher = {{Cambridge University Press}},
  address = {{Cambridge}},
  isbn = {1-139-48415-X},
  keywords = {Numerical computations,Python}
}

@book{langtangen2012,
  title = {A {{Primer}} on {{Scientific Programming}} with {{Python}}},
  author = {Langtangen, H.-P.},
  year = {2012},
  edition = {Third},
  publisher = {{Springer}},
  address = {{Berlin Heidelberg}},
  isbn = {978-3-642-30293-0},
  keywords = {Python},
}

@article{millman2011,
  title = {Python for {{Scientists}} and {{Engineers}}},
  author = {Millman, K. Jarrod and Aivazis, Michael},
  year = {2011},
  journal = {Computing in Science \& Engineering},
  volume = {13},
  number = {2},
  pages = {9--12},
  issn = {1521-9615},
  doi = {10.1109/MCSE.2011.36},
  keywords = {Python},
}

@book{nocedal2006,
  title = {Numerical {{Optimization}}},
  author = {Nocedal, Jorge and Wright, Stephen J.},
  year = {2006},
  edition = {Second},
  publisher = {{Springer}},
  address = {{New York}},
  keywords = {Data Analysis,Numerical computations,Statistics}
}

@Article{oliphant2007,
  author     = {Oliphant, Travis E.},
  journal    = {Computing in Science \& Engineering},
  title      = {Python for {{Scientific Computing}}},
  year       = {2007},
  issn       = {1521-9615},
  number     = {3},
  pages      = {10--20},
  volume     = {9},
  doi        = {10.1109/MCSE.2007.58},
  keywords   = {Python},
  shorttitle = {Computing in {{Science}} \& {{Engineering}}},
}

@article{petit2013,
  title = {Photoelectrochemistry of {{Oxidation Layers}}: A {{Novel Approach}} to {{Analyze Photocurrent Energy Spectra}}},
  author = {Petit, J.-P. and Boichot, R and Loucif, A and Srisrual, A and Wouters, Y},
  year = {2013},
  journal = {Oxidation of Metals},
  volume = {1},
  pages = {1--11},
  keywords = {PEC},
}

@book{press2007,
  title = {Numerical {{Recipes}}: {{The Art}} of {{Scientific Computing}}},
  author = {Press, William H. and Teukolsky, Saul A. and Vetterling, William T. and Flannery, Brian P.},
  year = {2007},
  edition = {Third},
  publisher = {{Cambridge University Press}},
  address = {{Cambridge}},
  keywords = {Data Analysis,Numerical computations,Statistics}
}

@phdthesis{srisrual2013,
  type = {Th\`ese de Doctorat},
  title = {Caract\'erisation Photo\'electrochimique d'oxydes Thermiques D\'evelopp\'es Sur M\'etaux et Alliages Mod\`eles},
  author = {Srisrual, A},
  year = {2013},
  school = {Universit\'e de Grenoble},
  keywords = {Cr,Passive films,PEC},
}

@article{vanderwalt2011,
  title = {The {{NumPy Array}}: {{A Structure}} for {{Efficient Numerical Computation}}},
  shorttitle = {Computing in {{Science}} \& {{Engineering}}},
  author = {{Van der Walt}, St{\'e}fan and Colbert, S Chris and Varoquaux, Ga{\"e}l},
  year = {2011},
  journal = {Computing in Science \& Engineering},
  volume = {13},
  number = {2},
  pages = {22--30},
  issn = {1521-9615},
  doi = {10.1109/MCSE.2011.37},
  keywords = {Python},
}

@Book{morrison1980,
  author    = {Morrison, S R},
  publisher = {Plenum Press},
  title     = {Electrochemistry at {{Semiconductor}} and {{Oxidized Metal Electrodes}}},
  date      = {1980},
  keywords  = {Solid state},
  location  = {New York},
}

@Article{butler1977,
  author       = {Butler, M.},
  title        = {Photoelectrolysis and Physical Properties of the Semiconducting Electrode {{WO}}{\textsubscript{3}}},
  issn         = {00218979},
  number       = {5},
  pages        = {1914},
  volume       = {48},
  date         = {1977},
  doi          = {10.1063/1.323948},
  journaltitle = {Journal of Applied Physics},
  keywords     = {PEC},
  url          = {http://scitation.aip.org/content/aip/journal/jap/48/5/10.1063/1.323948},
}

@Article{benaboud2007,
  author   = {Benaboud, R and Bouvier, P and Petit, J.-P. and Wouters, Y and Galerie, A},
  journal  = {Journal of Nuclear Materials},
  title    = {Comparative Study and Imaging by {{PhotoElectroChemical}} Techniques of Oxide Films Thermally Grown on Zirconium and {{Zircaloy-4}}},
  year     = {2007},
  number   = {2},
  pages    = {151--158},
  volume   = {360},
  keywords = {PEC,Zircaloy-4},
}

@Article{diquarto1997,
  author   = {Di Quarto, F. and Sunseri, C. and Piazza, S. and Sunseri, C.},
  journal  = {Journal of Physical Chemistry},
  title    = {Semiempirical {{Correlation}} between {{Optical Band Gap Values}} of {{Oxides}} and the {{Difference}} of {{Electronegativity}} of the {{Elements}}. {{Its Importance}} for a {{Quantitative Use}} of {{Photocurrent Spectroscopy}} in {{Corrosion Studies}}},
  year     = {1997},
  pages    = {2519--2525},
  volume   = {101},
  keywords = {Band gap,PEC},
}

@PhdThesis{skocic2016,
  author    = {Skocic, M.},
  school    = {Universit\'e de Grenoble Alpes},
  title     = {{Etude (photo)-\'electrochimique en r\'eacteur simul\'e du ph\'enom\`ene de shadow corrosion des alliages de zirconium}},
  year      = {2016},
  address   = {{Grenoble}},
  month     = may,
  copyright = {All rights reserved},
  keywords  = {BWR,Galvanic corrosion,In-situ,Ni Alloys,PEC,Shadow corrosion,Simulated BWR,Zircaloy},
  langid    = {french},
}

@Article{srisrual2011,
  author   = {Srisrual, A and Petit, J.-P. and Wouters, Y and Pascal, C and Galerie, A},
  journal  = {Materials at High Temperatures},
  title    = {Photoelectrochemical Investigations on Individual Ferritic and Austenitic Grains of a Duplex Stainless Steel Oxidized in Water Vapour.},
  year     = {2011},
  number   = {4},
  pages    = {349--354},
  volume   = {28},
  keywords = {PEC,Stainless steel},
}

@Article{vijh1969,
  author   = {Vijh, Ashok K.},
  journal  = {Journal of Physics and Chemistry of Solids},
  title    = {Correlation between Bond Energies and Forbidden Gaps of Inorganic Binary Compounds},
  year     = {1969},
  pages    = {1999--2005},
  volume   = {30},
  keywords = {PEC},
}

@Article{wouters2007,
  author  = {Wouters, Y. and Galerie, A. and Petit, J.-P.},
  journal = {Journal of The Electrochemical Society},
  title   = {Photoelectrochemical {{Study}} of {{Oxides Thermally Grown}} on {{Titanium}} in {{Oxygen}} or {{Water Vapor Atmospheres}}},
  year    = {2007},
  number  = {10},
  pages   = {C587-C592},
  volume  = {154},
}

@Article{bojinov2002,
  author   = {Bojinov, M and Kinnunen, P and Laitinen, T and M{\"a}kel{\"a}, K and Saario, T and Sirki{\"a}, P},
  journal  = {Electrochemistry Communications},
  title    = {Photocurrent Response of the Passive Film on Iron in a High-Temperature Aqueous Electrolyte},
  year     = {2002},
  pages    = {222--226},
  volume   = {4},
  keywords = {Electrochemistry,High temperature,PEC},
}

@article{loucif2013,
  title = {Semiconducting Behavior and Bandgap Energies of Oxide Films Grown on Alloy 600 under {{PWR}} Simulated Primary Water Conditions with Different Dissolved Hydrogen Contents},
  author = {Loucif, A and Petit, J.-P. and Wouters, Y},
  date = {2013},
  journaltitle = {Journal of Nuclear Materials},
  volume = {443},
  number = {1--3},
  pages = {222--229},
  url = {http://dx.doi.org/10.1016/j.jnucmat.2013.07.044 C:$\backslash$Users$\backslash$Milan Skocic$\backslash$Documents$\backslash$Areva_thesis$\backslash$1-Bibliography$\backslash$1-Classified$\backslash$Loucif_2013-Semiconducting behavior and bandgap energies of oxide films grown on alloy 600 under PWR simulated primary water conditions with different dissolved hydrogen contents.pdf},
  keywords = {600,Band Gap,PEC},
}

@Comment{jabref-meta: databaseType:bibtex;}
