@article{benaboud2007,
  title = {Comparative Study and Imaging by {{PhotoElectroChemical}} Techniques of Oxide Films Thermally Grown on Zirconium and {{Zircaloy-4}}},
  author = {Benaboud, R and Bouvier, P and Petit, J.-P. and Wouters, Y and Galerie, A},
  year = {2007},
  journal = {Journal of Nuclear Materials},
  volume = {360},
  number = {2},
  pages = {151--158},
  keywords = {PEC,Zircaloy-4},
  file = {..\\..\\01-Papers\\Benaboud et al. - 2007 - Comparative study and imaging by PhotoElectroChemi.pdf}
}

@book{bevington2003,
  title = {Data {{Reduction}} and {{Error Analysis}} for {{Physical Sciences}}},
  author = {Bevington, Philip R. and Robinson, D. Keith},
  year = {2003},
  edition = {Third},
  publisher = {{McGraw Hill}},
  address = {{New York}},
  abstract = {Data Reduction and error Analysis},
  isbn = {0-07-247227-8},
  keywords = {Data Analysis,Statistics},
  file = {..\\..\\03-Books\\Bevington and Robinson - 2003 - Data Reduction and Error Analysis for Physical Sci.pdf}
}

@article{bojinov2002,
  title = {Photocurrent Response of the Passive Film on Iron in a High-Temperature Aqueous Electrolyte},
  author = {Bojinov, M and Kinnunen, P and Laitinen, T and M{\"a}kel{\"a}, K and Saario, T and Sirki{\"a}, P},
  year = {2002},
  journal = {Electrochemistry Communications},
  volume = {4},
  pages = {222--226},
  keywords = {Electrochemistry,High temperature,PEC},
  file = {..\\..\\01-Papers\\Bojinov et al. - 2002 - Photocurrent response of the passive film on iron .pdf}
}

@article{butler1977,
  title = {Photoelectrolysis and Physical Properties of the Semiconducting Electrode {{WO}}{\textsubscript{3}}},
  author = {Butler, M.},
  year = {1977},
  journal = {Journal of Applied Physics},
  volume = {48},
  number = {5},
  pages = {1914},
  issn = {00218979},
  doi = {10.1063/1.323948},
  keywords = {PEC},
  file = {..\\..\\01-Papers\\Butler - 1977 - Photoelectrolysis and physical properties of the s.pdf}
}

@article{diquarto1997,
  title = {Semiempirical {{Correlation}} between {{Optical Band Gap Values}} of {{Oxides}} and the {{Difference}} of {{Electronegativity}} of the {{Elements}}. {{Its Importance}} for a {{Quantitative Use}} of {{Photocurrent Spectroscopy}} in {{Corrosion Studies}}},
  author = {Di Quarto, F. and Sunseri, C. and Piazza, S. and Sunseri, C.},
  year = {1997},
  journal = {Journal of Physical Chemistry},
  volume = {101},
  pages = {2519--2525},
  keywords = {Band gap,PEC},
  file = {..\\..\\01-Papers\\Di Quarto et al. - 1997 - Semiempirical Correlation between Optical Band Gap.pdf}
}

@article{gartner1959,
  title = {Depletion-{{Layer Photoeffects}} in {{Semiconductors}}},
  author = {G{\"a}rtner, Wolfgang W},
  year = {1959},
  journal = {Physical Review},
  volume = {116},
  number = {1},
  pages = {84--87},
  keywords = {PEC},
  file = {..\\..\\01-Papers\\Gärtner - 1959 - Depletion-Layer Photoeffects in Semiconductors.pdf}
}

@article{hunter2007,
  title = {Matplotlib: {{A 2D}} Graphics Environment},
  author = {Hunter, J D},
  year = {2007},
  journal = {Computing In Science and Engineering},
  volume = {9},
  number = {3},
  pages = {90--95},
  keywords = {Python},
  file = {..\\..\\01-Papers\\Hunter - 2007 - Matplotlib A 2D graphics environment.pdf}
}

@misc{jones2020,
  title = {{{SciPy}}: {{Open}} Source Scientific Tools for {{Python}}},
  author = {Jones, Eric and Oliphant, Travis and Peterson, Pearu and {Others}},
  year = {2020},
  journal = {SciPy},
  howpublished = {http://www.scipy.org/},
  keywords = {Python}
}

@book{kiusalaas2010,
  title = {Numerical {{Methods}} in {{Engineering}} with {{Python}}},
  author = {Kiusalaas, Jaan},
  year = {2010},
  edition = {Second},
  publisher = {{Cambridge University Press}},
  address = {{Cambridge}},
  isbn = {1-139-48415-X},
  keywords = {Numerical computations,Python}
}

@book{langtangen2012,
  title = {A {{Primer}} on {{Scientific Programming}} with {{Python}}},
  author = {Langtangen, H.-P.},
  year = {2012},
  edition = {Third},
  publisher = {{Springer}},
  address = {{Berlin Heidelberg}},
  isbn = {978-3-642-30293-0},
  keywords = {Python},
  file = {..\\..\\03-Books\\Langtangen - 2012 - A Primer on Scientific Programming with Python.pdf}
}

@article{millman2011,
  title = {Python for {{Scientists}} and {{Engineers}}},
  author = {Millman, K. Jarrod and Aivazis, Michael},
  year = {2011},
  journal = {Computing in Science \& Engineering},
  volume = {13},
  number = {2},
  pages = {9--12},
  issn = {1521-9615},
  doi = {10.1109/MCSE.2011.36},
  keywords = {Python},
  file = {..\\..\\01-Papers\\Millman and Aivazis - 2011 - Python for Scientists and Engineers.pdf}
}

@book{morrison1980,
  title = {Electrochemistry at {{Semiconductor}} and {{Oxidized Metal Electrodes}}},
  author = {Morrison, S R},
  year = {1980},
  publisher = {{Plenum Press}},
  address = {{New York}},
  keywords = {Solid state}
}

@book{nocedal2006,
  title = {Numerical {{Optimization}}},
  author = {Nocedal, Jorge and Wright, Stephen J.},
  year = {2006},
  edition = {Second},
  publisher = {{Springer}},
  address = {{New York}},
  keywords = {Data Analysis,Numerical computations,Statistics}
}

@article{oliphant2007,
  title = {Python for {{Scientific Computing}}},
  shorttitle = {Computing in {{Science}} \& {{Engineering}}},
  author = {Oliphant, Travis E.},
  year = {2007},
  journal = {Computing in Science \& Engineering},
  volume = {9},
  number = {3},
  pages = {10--20},
  issn = {1521-9615},
  doi = {10.1109/MCSE.2007.58},
  keywords = {Python},
  file = {..\\..\\01-Papers\\Oliphant - 2007 - Python for Scientific Computing.pdf}
}

@article{petit2013,
  title = {Photoelectrochemistry of {{Oxidation Layers}}: A {{Novel Approach}} to {{Analyze Photocurrent Energy Spectra}}},
  author = {Petit, J.-P. and Boichot, R and Loucif, A and Srisrual, A and Wouters, Y},
  year = {2013},
  journal = {Oxidation of Metals},
  volume = {1},
  pages = {1--11},
  keywords = {PEC},
  file = {..\\..\\01-Papers\\Petit et al. - 2013 - Photoelectrochemistry of Oxidation Layers a Novel.PDF}
}

@book{press2007,
  title = {Numerical {{Recipes}}: {{The Art}} of {{Scientific Computing}}},
  author = {Press, William H. and Teukolsky, Saul A. and Vetterling, William T. and Flannery, Brian P.},
  year = {2007},
  edition = {Third},
  publisher = {{Cambridge University Press}},
  address = {{Cambridge}},
  keywords = {Data Analysis,Numerical computations,Statistics}
}

@phdthesis{skocic2016,
  title = {{Etude (photo)-\'electrochimique en r\'eacteur simul\'e du ph\'enom\`ene de shadow corrosion des alliages de zirconium}},
  author = {Skocic, M.},
  year = {2016},
  month = may,
  address = {{Grenoble}},
  copyright = {All rights reserved},
  langid = {french},
  school = {Universit\'e de Grenoble Alpes},
  keywords = {BWR,Galvanic corrosion,In-situ,Ni Alloys,PEC,Shadow corrosion,Simulated BWR,Zircaloy},
  file = {..\\..\\02-PhD\\Skocic - 2016 - Etude (photo)-électrochimique en réacteur simulé d.pdf;..\\..\\02-PhD\\Skocic - 2016 - Etude (photo)-électrochimique en réacteur simulé d.pptx}
}

@article{srisrual2011,
  title = {Photoelectrochemical Investigations on Individual Ferritic and Austenitic Grains of a Duplex Stainless Steel Oxidized in Water Vapour.},
  author = {Srisrual, A and Petit, J.-P. and Wouters, Y and Pascal, C and Galerie, A},
  year = {2011},
  journal = {Materials at High Temperatures},
  volume = {28},
  number = {4},
  pages = {349--354},
  keywords = {PEC,Stainless steel},
  file = {..\\..\\01-Papers\\Srisrual et al. - 2011 - Photoelectrochemical investigations on individual .pdf}
}

@phdthesis{srisrual2013,
  type = {Th\`ese de Doctorat},
  title = {Caract\'erisation Photo\'electrochimique d'oxydes Thermiques D\'evelopp\'es Sur M\'etaux et Alliages Mod\`eles},
  author = {Srisrual, A},
  year = {2013},
  school = {Universit\'e de Grenoble},
  keywords = {Cr,Passive films,PEC},
  file = {..\\..\\01-Papers\\Srisrual - 2013 - Caractérisation photoélectrochimique d’oxydes ther.pdf}
}

@article{stimming1986,
  title = {Photoelectrochemical Studies of Passive Films},
  author = {Stimming, Ulrich},
  year = {1986},
  journal = {Electrochimica Acta},
  volume = {31},
  number = {4},
  pages = {415--429},
  keywords = {Passive films,PEC},
  file = {..\\..\\01-Papers\\Stimming - 1986 - Photoelectrochemical studies of passive films.pdf}
}

@article{vanderwalt2011,
  title = {The {{NumPy Array}}: {{A Structure}} for {{Efficient Numerical Computation}}},
  shorttitle = {Computing in {{Science}} \& {{Engineering}}},
  author = {{Van der Walt}, St{\'e}fan and Colbert, S Chris and Varoquaux, Ga{\"e}l},
  year = {2011},
  journal = {Computing in Science \& Engineering},
  volume = {13},
  number = {2},
  pages = {22--30},
  issn = {1521-9615},
  doi = {10.1109/MCSE.2011.37},
  keywords = {Python},
  file = {..\\..\\01-Papers\\Van der Walt et al. - 2011 - The NumPy Array A Structure for Efficient Numeric.pdf}
}

@article{vijh1969,
  title = {Correlation between Bond Energies and Forbidden Gaps of Inorganic Binary Compounds},
  author = {Vijh, Ashok K.},
  year = {1969},
  journal = {Journal of Physics and Chemistry of Solids},
  volume = {30},
  pages = {1999--2005},
  keywords = {PEC},
  file = {..\\..\\01-Papers\\Vijh - 1969 - Correlation between bond energies and forbidden gaps of inorganic binary compounds.pdf}
}

@article{wouters2007,
  title = {Photoelectrochemical {{Study}} of {{Oxides Thermally Grown}} on {{Titanium}} in {{Oxygen}} or {{Water Vapor Atmospheres}}},
  author = {Wouters, Y. and Galerie, A. and Petit, J.-P.},
  year = {2007},
  journal = {Journal of The Electrochemical Society},
  volume = {154},
  number = {10},
  pages = {C587-C592}
}
