@Book{bard2002,
  author    = {Bard, Allen J. and Stratmann, M.},
  publisher = {Wiley-VCH},
  title     = {Fundamentals of {{Semiconductors Electrochemistry}} and {{Photoelectrochemistry}}},
  date      = {2002},
  file      = {C:\Users\mskocic\Documents\05-Library\03-Books\Bard and Stratmann - 2002 - Fundamentals of Semiconductors Electrochemistry an.pdf},
}

@Article{becquerel1839,
  author       = {Becquerel, E.},
  title        = {M\'emoire Sur Les Effets \'Electriques Produits Sous l'influence Des Rayons Solaires},
  pages        = {561--567},
  volume       = {9},
  date         = {1839},
  journaltitle = {Comptes Rendus des S\'eances Hebdomadaires},
  keywords     = {PEC},
}

@Article{copeland1942,
  author       = {Copeland, A. Wallace. and Black, Otis D. and Garrett, A. B.},
  title        = {The {{Photovoltaic Effect}}},
  issn         = {0009-2665},
  number       = {1},
  pages        = {177--226},
  volume       = {31},
  date         = {1942},
  doi          = {10.1021/cr60098a004},
  file         = {C:\Users\mskocic\Documents\05-Library\01-Papers\Copeland et al. - 1942 - The Photovoltaic Effect.pdf},
  journaltitle = {Chemical Reviews},
  keywords     = {PEC},
  url          = {http://pubs.acs.org/doi/abs/10.1021/cr60098a004},
}

@Article{finklea1983,
  author       = {Finklea, H.O.},
  title        = {Photoelectrochemistry: {{Introductory}} Concepts},
  issn         = {0021-9584},
  number       = {4},
  pages        = {325},
  volume       = {60},
  date         = {1983},
  doi          = {10.1021/ed060p325},
  journaltitle = {Journal of Chemical Education},
  keywords     = {PEC},
  url          = {http://dx.doi.org/10.1021/ed060p325 http://pubs.acs.org/doi/abs/10.1021/ed060p325},
}

@Article{gerischer1966,
  author       = {Gerischer, H},
  title        = {Electrochemical {{Behavior}} of {{Semiconductors}} under {{Illumination}}},
  number       = {11},
  pages        = {1174--1182},
  volume       = {113},
  date         = {1966},
  file         = {C:\Users\mskocic\Documents\05-Library\01-Papers\Gerischer - 1966 - Electrochemical Behavior of Semiconductors under Illumination.pdf},
  journaltitle = {Journal of The Electrochemical Society},
  keywords     = {Electrochemistry,PEC,Semiconductors},
  url          = {http://jes.ecsdl.org/content/113/11/1174.abstract C:$\backslash$Users$\backslash$Milan Skocic$\backslash$Documents$\backslash$Areva_thesis$\backslash$1-Bibliography$\backslash$1-Classified$\backslash$Gerisher_1966_Electrochemical Behavior of Semiconductors under Illumination.pdf},
}

@InCollection{gerischer1985,
  author    = {Gerischer, H},
  booktitle = {Photoelectrochemistry, {{Photocatalysis}} and {{Photoreactor}}},
  publisher = {D. Reidel Publishing Company},
  title     = {Semiconductor Electrodes and Their Interaction with Light},
  editor    = {Schiavello, Mario},
  pages     = {39--106},
  date      = {1985},
  location  = {Dordrecht},
}

@Book{marcus2006,
  author    = {Marcus, P. and Mansfield, F},
  publisher = {CRC Press},
  title     = {Analytical {{Methods}} in {{Corrosion Science}} and {{Engineering}}},
  date      = {2006},
  location  = {Boca Raton, FL},
  url       = {http://www.nace.org/cstm/Store/Product.aspx?id=f8e9b807-c656-42ce-83c3-e34c5a3d8a54},
}

@Book{marucco2006,
  author    = {Marucco, Jean-Francis},
  publisher = {EDP Sciences},
  title     = {Chimie Des Solides},
  isbn      = {978-2-86883-673-1},
  date      = {2006},
  file      = {C:\Users\mskocic\Documents\05-Library\03-Books\Marucco - 2006 - Chimie des solides.pdf},
  keywords  = {Solid state},
  location  = {Paris},
}

@Book{memming2008,
  author    = {Memming, R},
  publisher = {WILEY-VCH Verlag GmbH},
  title     = {Semiconductor {{Electrochemistry}}},
  date      = {2008},
  file      = {C:\Users\mskocic\Documents\05-Library\03-Books\Memming - 2008 - Semiconductor Electrochemistry.pdf},
  location  = {Weinheim},
  url       = {http://www.aqr.ee/Memming/01_SCE.pdf C:$\backslash$Users$\backslash$Milan Skocic$\backslash$Documents$\backslash$Areva_thesis$\backslash$1-Bibliography$\backslash$1-Classified$\backslash$Memming_2008-Semiconductor_Electrochemistry.pdf},
}

@Book{morrison1980,
  author    = {Morrison, S R},
  publisher = {Plenum Press},
  title     = {Electrochemistry at {{Semiconductor}} and {{Oxidized Metal Electrodes}}},
  date      = {1980},
  keywords  = {Solid state},
  location  = {New York},
}

@Book{sato1998,
  author    = {Sato, Norio},
  publisher = {Elsevier Science},
  title     = {Electrochemistry at {{Metal}} and {{Semiconductors Electrodes}}},
  date      = {1998},
  keywords  = {PEC},
  location  = {Amsterdam},
}

@Article{stimming1986,
  author       = {Stimming, Ulrich},
  title        = {Photoelectrochemical Studies of Passive Films},
  number       = {4},
  pages        = {415--429},
  volume       = {31},
  date         = {1986},
  file         = {C:\Users\mskocic\Documents\05-Library\01-Papers\Stimming - 1986 - Photoelectrochemical studies of passive films.pdf},
  journaltitle = {Electrochimica Acta},
  keywords     = {Passive films,PEC},
  url          = {http://www.sciencedirect.com/science/article/pii/0013468686801049 C:$\backslash$Users$\backslash$Milan Skocic$\backslash$Documents$\backslash$Areva_thesis$\backslash$1-Bibliography$\backslash$1-Classified$\backslash$Stimming_1986_Photoelectrochemical studies of passive films.pdf},
}

@Book{plieth2008,
  author    = {Plieth, W.},
  publisher = {Elsevier},
  title     = {Electrochemistry for {{Materials Science}}},
  date      = {2008},
  file      = {D:\05-DTI\Documents\05-Library\03-Books\Plieth - 2008 - Electrochemistry for Materials Science.pdf},
  location  = {Amsterdam},
}

@Article{gaertner1959,
  author       = {Gärtner, Wolfgang W},
  title        = {Depletion-{{Layer Photoeffects}} in {{Semiconductors}}},
  number       = {1},
  pages        = {84--87},
  volume       = {116},
  date         = {1959},
  file         = {D:\05-DTI\Documents\05-Library\01-Papers\Gärtner - 1959 - Depletion-Layer Photoeffects in Semiconductors.pdf},
  journaltitle = {Physical Review},
  keywords     = {PEC},
  url          = {http://link.aps.org/doi/10.1103/PhysRev.116.84 C:$\backslash$Users$\backslash$Milan Skocic$\backslash$Documents$\backslash$Areva_thesis$\backslash$1-Bibliography$\backslash$1-Classified$\backslash$Gartner_1959_Depletion Layer photoeffects in semiconductors.pdf},
}

@Article{butler1977,
  author       = {Butler, M.},
  title        = {Photoelectrolysis and Physical Properties of the Semiconducting Electrode {{WO}}{\textsubscript{3}}},
  issn         = {00218979},
  number       = {5},
  pages        = {1914},
  volume       = {48},
  date         = {1977},
  doi          = {10.1063/1.323948},
  file         = {D:\05-DTI\Documents\05-Library\01-Papers\Butler - 1977 - Photoelectrolysis and physical properties of the s.pdf},
  journaltitle = {Journal of Applied Physics},
  keywords     = {PEC},
  url          = {http://scitation.aip.org/content/aip/journal/jap/48/5/10.1063/1.323948},
}

@Article{benaboud2007,
  author   = {Benaboud, R and Bouvier, P and Petit, J.-P. and Wouters, Y and Galerie, A},
  journal  = {Journal of Nuclear Materials},
  title    = {Comparative Study and Imaging by {{PhotoElectroChemical}} Techniques of Oxide Films Thermally Grown on Zirconium and {{Zircaloy-4}}},
  year     = {2007},
  number   = {2},
  pages    = {151--158},
  volume   = {360},
  file     = {..\\..\\01-Papers\\Benaboud et al. - 2007 - Comparative study and imaging by PhotoElectroChemi.pdf},
  keywords = {PEC,Zircaloy-4},
}

@Article{diquarto1997,
  author   = {Di Quarto, F. and Sunseri, C. and Piazza, S. and Sunseri, C.},
  journal  = {Journal of Physical Chemistry},
  title    = {Semiempirical {{Correlation}} between {{Optical Band Gap Values}} of {{Oxides}} and the {{Difference}} of {{Electronegativity}} of the {{Elements}}. {{Its Importance}} for a {{Quantitative Use}} of {{Photocurrent Spectroscopy}} in {{Corrosion Studies}}},
  year     = {1997},
  pages    = {2519--2525},
  volume   = {101},
  file     = {..\\..\\01-Papers\\Di Quarto et al. - 1997 - Semiempirical Correlation between Optical Band Gap.pdf},
  keywords = {Band gap,PEC},
}

@PhdThesis{skocic2016,
  author    = {Skocic, M.},
  school    = {Universit\'e de Grenoble Alpes},
  title     = {{Etude (photo)-\'electrochimique en r\'eacteur simul\'e du ph\'enom\`ene de shadow corrosion des alliages de zirconium}},
  year      = {2016},
  address   = {{Grenoble}},
  month     = may,
  copyright = {All rights reserved},
  file      = {..\\..\\02-PhD\\Skocic - 2016 - Etude (photo)-électrochimique en réacteur simulé d.pdf;..\\..\\02-PhD\\Skocic - 2016 - Etude (photo)-électrochimique en réacteur simulé d.pptx},
  keywords  = {BWR,Galvanic corrosion,In-situ,Ni Alloys,PEC,Shadow corrosion,Simulated BWR,Zircaloy},
  langid    = {french},
}

@Article{srisrual2011,
  author   = {Srisrual, A and Petit, J.-P. and Wouters, Y and Pascal, C and Galerie, A},
  journal  = {Materials at High Temperatures},
  title    = {Photoelectrochemical Investigations on Individual Ferritic and Austenitic Grains of a Duplex Stainless Steel Oxidized in Water Vapour.},
  year     = {2011},
  number   = {4},
  pages    = {349--354},
  volume   = {28},
  keywords = {PEC,Stainless steel},
}

@Article{vijh1969,
  author   = {Vijh, Ashok K.},
  journal  = {Journal of Physics and Chemistry of Solids},
  title    = {Correlation between Bond Energies and Forbidden Gaps of Inorganic Binary Compounds},
  year     = {1969},
  pages    = {1999--2005},
  volume   = {30},
  file     = {..\\..\\01-Papers\\Vijh - 1969 - Correlation between bond energies and forbidden gaps of inorganic binary compounds.pdf},
  keywords = {PEC},
}

@Article{wouters2007,
  author  = {Wouters, Y. and Galerie, A. and Petit, J.-P.},
  journal = {Journal of The Electrochemical Society},
  title   = {Photoelectrochemical {{Study}} of {{Oxides Thermally Grown}} on {{Titanium}} in {{Oxygen}} or {{Water Vapor Atmospheres}}},
  year    = {2007},
  number  = {10},
  pages   = {C587-C592},
  volume  = {154},
}

@Article{bojinov2002,
  author   = {Bojinov, M and Kinnunen, P and Laitinen, T and M{\"a}kel{\"a}, K and Saario, T and Sirki{\"a}, P},
  journal  = {Electrochemistry Communications},
  title    = {Photocurrent Response of the Passive Film on Iron in a High-Temperature Aqueous Electrolyte},
  year     = {2002},
  pages    = {222--226},
  volume   = {4},
  file     = {..\\..\\01-Papers\\Bojinov et al. - 2002 - Photocurrent response of the passive film on iron .pdf},
  keywords = {Electrochemistry,High temperature,PEC},
}

@Comment{jabref-meta: databaseType:bibtex;}
